@article{Lambden,
author = "{Lambden Simon \& Laterre Pierre}",
year = {2019},
month = {12},
title = {The SOFA score - Development, utility and challenges of accurate assessment in clinical trials},
volume = {23},
journal = {Critical Care},
doi = {10.1186/s13054-019-2663-7}
}

@article{Saad,
  title={APACHE-II score correlation with mortality and length of stay in an intensive care unit.},
  author= "{Saad Ahmed Naved \& Shahla Siddiqui}" ,
  journal={Journal of the College of Physicians and Surgeons--Pakistan : JCPSP},
  year={2011},
  volume={21},
  pages={4-8}
}

@article {Jacobs,
	title = {National estimates of intensive care utilization and costs: Canada and the United States},
	author = "{Jacobs \& Noseworthy TW}",
	DOI = {10.1097/00003246-199011000-00020},
	number = {11},
	volume = {18},
	month = {November},
	year = {1990},
	journal = {Critical care medicine},
	ISSN = {0090-3493},
	pages = {1282â€”1286}
}

@article{Street,
author = "{Street \& Andrew}",
year = {2006},
month = {06},
pages = {245-8},
title = {Future of quality measurement in the National Health Service},
volume = {6},
journal = {Expert review of pharmacoeconomics and outcomes research},
doi = {10.1586/14737167.6.3.245}
}


@article{Breiman,
author = "{Breiman Leo}",
year = {2001},
month = {10},
pages = {5-32},
title = {Random Forests},
volume = {45},
journal = {Machine Learning},
doi = {0.1023/A:1010933404324}
}

@book{BreimanL,
  title     = {Classification and Regression Trees},
  author    = "{Breiman Leo}",
  year      = {1984},
  publisher = {Wadsworth International Group}
}

@article{Mishra,
author = {Mishra, Sidharth and Sarkar, Uttam and Taraphder, Subhash and Datta, Sanjoy and Swain, Devi and Saikhom, Reshma and Panda, Sasmita and Laishram, Menalsh},
year = {2017},
month = {01},
pages = {1},
title = {Principal Component Analysis},
journal = {International Journal of Livestock Research},
doi = {10.5455/ijlr.20170415115235}
}

@article{KNN,
author = {Guo, Gongde and Wang, Hui and Bell, David and Bi, Yaxin},
year = {2004},
month = {08},
title = {KNN Model-Based Approach in Classification}
}





